<?xml version="1.0" encoding="UTF-8"?><record xmlns="http://www.loc.gov/MARC21/slim" xmlns:cinclude="http://apache.org/cocoon/include/1.0" xmlns:zs="http://www.loc.gov/zing/srw/">
  <leader>00563cz  a2200145n  4500</leader>
  <controlfield tag="001">n  83030906 </controlfield>
  <controlfield tag="003">DLC</controlfield>
  <controlfield tag="005">20130315085719.0</controlfield>
  <controlfield tag="008">830406n| azannaab           |b ana      </controlfield>
  <datafield tag="010" ind1=" " ind2=" ">
    <subfield code="a">n  83030906 </subfield>
  </datafield>
  <datafield tag="040" ind1=" " ind2=" ">
    <subfield code="a">DLC</subfield>
    <subfield code="b">eng</subfield>
    <subfield code="e">rda</subfield>
    <subfield code="c">DLC</subfield>
    <subfield code="d">DLC</subfield>
  </datafield>
  <datafield tag="110" ind1="2" ind2=" ">
    <subfield code="a">Maryland Port Authority.</subfield>
    <subfield code="b">Communications Department</subfield>
  </datafield>
  <datafield tag="410" ind1="2" ind2=" ">
    <subfield code="w">nnea</subfield>
    <subfield code="a">Maryland Port Authority.</subfield>
    <subfield code="b">Communications Dept.</subfield>
  </datafield>
  <datafield tag="510" ind1="2" ind2=" ">
    <subfield code="w">r</subfield>
    <subfield code="i">Hierarchical superior:</subfield>
    <subfield code="a">Maryland Port Authority</subfield>
  </datafield>
  <datafield tag="670" ind1=" " ind2=" ">
    <subfield code="a">Port of Baltimore bulletin, June 1967, surrogate (a.e.)</subfield>
    <subfield code="b">masthead (Communications Department of the Maryland Port Authority)</subfield>
  </datafield>
</record>